<record><leader>01423cam a22003258i 45 0</leader><controlfield tag="001">6776226</controlfield><controlfield tag="005">20140903150708.0</controlfield><controlfield tag="008">150114s2015    cau      b    001 0 eng  </controlfield><datafield ind1=" " ind2=" " tag="010"><subfield code="a">  2014035157</subfield></datafield><datafield ind1=" " ind2=" " tag="020"><subfield code="a">9781597564434 (alk. paper)</subfield></datafield><datafield ind1=" " ind2=" " tag="020"><subfield code="a">1597564435 (alk. paper)</subfield></datafield><datafield ind1=" " ind2=" " tag="040"><subfield code="a">DNLM</subfield><subfield code="b">eng</subfield><subfield code="e">rda</subfield><subfield code="c">DNLM</subfield><subfield code="d">AEG</subfield></datafield><datafield ind1="0" ind2="9" tag="041"><subfield code="a">eng</subfield></datafield><datafield ind1="1" ind2="0" tag="060"><subfield code="a">WV 255</subfield></datafield><datafield ind1=" " ind2=" " tag="090"><subfield code="a">WV 255 R911 2015</subfield><subfield code="b">AEG</subfield></datafield><datafield ind1="1" ind2=" " tag="100"><subfield code="a">Ruckenstein, Michael J.</subfield><subfield code="q">(Michael Jay),</subfield><subfield code="d">1960- ,</subfield><subfield code="e">author.</subfield></datafield><datafield ind1="1" ind2="0" tag="245"><subfield code="a">Rapid interpretation of balance function tests /</subfield><subfield code="c">Michael J. Ruckenstein, Sherrie Davis.</subfield></datafield><datafield ind1=" " ind2="1" tag="264"><subfield code="a">San Diego, CA :</subfield><subfield code="b">Plural Publishing,</subfield><subfield code="c">[2015]</subfield></datafield><datafield ind1=" " ind2=" " tag="336"><subfield code="a">text</subfield><subfield code="2">rdacontent</subfield></datafield><datafield ind1=" " ind2=" " tag="337"><subfield code="a">unmediated</subfield><subfield code="2">rdamedia</subfield></datafield><datafield ind1=" " ind2=" " tag="338"><subfield code="a">volume</subfield><subfield code="2">rdacarrier</subfield></datafield><datafield ind1=" " ind2=" " tag="504"><subfield code="a">Includes bibliographical references and index.</subfield></datafield><datafield ind1="0" ind2=" " tag="505"><subfield code="a">Vestibular physiology-yes you can understand this! -- The approach to the dizzy patient -- Overview of diagnostic testing -- Ocular motor studies -- Videonystagmography (VNG) / Electronystagmography (ENG) -- Rotational studies -- Postural control studies -- Tests of otolith function.</subfield></datafield><datafield ind1="1" ind2="2" tag="650"><subfield code="a">Vestibular Function Tests.</subfield></datafield><datafield ind1="2" ind2="2" tag="650"><subfield code="a">Dizziness</subfield><subfield code="x">diagnosis.</subfield></datafield><datafield ind1="2" ind2="2" tag="650"><subfield code="a">Postural Balance.</subfield></datafield><datafield ind1="2" ind2="2" tag="650"><subfield code="a">Vestibular Diseases</subfield><subfield code="x">diagnosis.</subfield></datafield><datafield ind1="1" ind2=" " tag="700"><subfield code="a">Davis, Sherrie,</subfield><subfield code="e">author.</subfield></datafield><datafield ind1=" " ind2=" " tag="596"><subfield code="a">20</subfield></datafield><datafield ind1=" " ind2=" " tag="926"><subfield code="a">WV 255 R911 2015</subfield><subfield code="w">NLM</subfield><subfield code="c">1</subfield><subfield code="i">0163710145042</subfield><subfield code="d">1/24/2017</subfield><subfield code="e">6/16/2015</subfield><subfield code="l">ON_SHELF</subfield><subfield code="m">AHSGLENRSE</subfield><subfield code="n">5</subfield><subfield code="q">1</subfield><subfield code="r">Y</subfield><subfield code="s">Y</subfield><subfield code="t">BOOK</subfield><subfield code="u">1/14/2015</subfield></datafield></record>